<record><leader>00000cas a22000007a 4500</leader><controlfield tag="001">25122910</controlfield><controlfield tag="008">920116d18831889azuwr ne      0   a0eng d</controlfield><datafield ind1=" " ind2=" " tag="010"><subfield code="a">sn 94050557 </subfield></datafield><datafield ind1=" " ind2=" " tag="040"><subfield code="a">AZS</subfield><subfield code="b">eng</subfield><subfield code="c">AZS</subfield><subfield code="d">ANN</subfield><subfield code="d">CNK</subfield><subfield code="d">ANN</subfield><subfield code="d">OCLCQ</subfield><subfield code="d">DLC</subfield><subfield code="d">OCLCF</subfield></datafield><datafield ind1="0" ind2=" " tag="022"><subfield code="a">2375-0200</subfield><subfield code="2">1</subfield></datafield><datafield ind1="1" ind2=" " tag="029"><subfield code="a">AU@</subfield><subfield code="b">000011736272</subfield></datafield><datafield ind1=" " ind2=" " tag="042"><subfield code="a">msc</subfield><subfield code="a">nsdp</subfield></datafield><datafield ind1=" " ind2=" " tag="043"><subfield code="a">n-us-az</subfield></datafield><datafield ind1="0" ind2="0" tag="050"><subfield code="a">Newspaper</subfield></datafield><datafield ind1="0" ind2="0" tag="082"><subfield code="a">071</subfield><subfield code="2">23</subfield></datafield><datafield ind1=" " ind2=" " tag="090"><subfield code="a">AN2.C52</subfield><subfield code="b">C5x</subfield></datafield><datafield ind1=" " ind2="4" tag="222"><subfield code="a">The Clifton clarion</subfield><subfield code="b">(Print)</subfield></datafield><datafield ind1="0" ind2="4" tag="245"><subfield code="a">The Clifton clarion.</subfield></datafield><datafield ind1="3" ind2="0" tag="246"><subfield code="a">Clarion</subfield></datafield><datafield ind1="1" ind2="3" tag="246"><subfield code="a">Graham County times</subfield><subfield code="f">Oct. 17, 1883</subfield></datafield><datafield ind1="1" ind2="3" tag="246"><subfield code="a">Graham County news</subfield><subfield code="f">Oct 17, 1883</subfield></datafield><datafield ind1=" " ind2=" " tag="260"><subfield code="a">Clifton, Graham County, A.T., Ariz. :</subfield><subfield code="b">D.L. Sayre &amp; Co.,</subfield><subfield code="c">-1889.</subfield></datafield><datafield ind1=" " ind2=" " tag="300"><subfield code="a">v. :</subfield><subfield code="b">ill.</subfield></datafield><datafield ind1=" " ind2=" " tag="310"><subfield code="a">Weekly</subfield></datafield><datafield ind1="1" ind2=" " tag="362"><subfield code="a">Began Feb. 2, 1883.</subfield></datafield><datafield ind1="0" ind2=" " tag="362"><subfield code="a">-v. 7, no. 20 (Aug. 28, 1889).</subfield></datafield><datafield ind1=" " ind2=" " tag="500"><subfield code="a">"Official County paper."</subfield></datafield><datafield ind1=" " ind2=" " tag="530"><subfield code="a">Archived issues are available in digital format from the Library of Congress Chronicling America online collection.</subfield></datafield><datafield ind1=" " ind2=" " tag="580"><subfield code="a">Vol. 1, no, 38 (Oct 17, 1883) has on masthead: Graham County times, Vol. 2; and; Graham County news, Vol. 2.</subfield></datafield><datafield ind1=" " ind2=" " tag="588"><subfield code="a">Description based on: Vol. 1, no. 27 (Aug. 1, 1883).</subfield></datafield><datafield ind1=" " ind2="0" tag="651"><subfield code="a">Clifton (Ariz.)</subfield><subfield code="v">Newspapers.</subfield></datafield><datafield ind1=" " ind2="0" tag="651"><subfield code="a">Greenlee County (Ariz.)</subfield><subfield code="v">Newspapers.</subfield></datafield><datafield ind1=" " ind2="0" tag="651"><subfield code="a">Graham County (Ariz.)</subfield><subfield code="v">Newspapers.</subfield></datafield><datafield ind1=" " ind2="7" tag="655"><subfield code="a">Newspapers.</subfield><subfield code="2">fast</subfield><subfield code="0">(OCoLC)fst01423814</subfield></datafield><datafield ind1=" " ind2="7" tag="651"><subfield code="a">Arizona</subfield><subfield code="z">Clifton.</subfield><subfield code="2">fast</subfield><subfield code="0">(OCoLC)fst01283548</subfield></datafield><datafield ind1=" " ind2="7" tag="651"><subfield code="a">Arizona</subfield><subfield code="z">Graham County.</subfield><subfield code="2">fast</subfield><subfield code="0">(OCoLC)fst01212049</subfield></datafield><datafield ind1=" " ind2="7" tag="651"><subfield code="a">Arizona</subfield><subfield code="z">Greenlee County.</subfield><subfield code="2">fast</subfield><subfield code="0">(OCoLC)fst01212051</subfield></datafield><datafield ind1=" " ind2=" " tag="752"><subfield code="a">United States</subfield><subfield code="b">Arizona</subfield><subfield code="c">Greenlee</subfield><subfield code="d">Clifton.</subfield></datafield><datafield ind1=" " ind2=" " tag="752"><subfield code="a">United States</subfield><subfield code="b">Arizona</subfield><subfield code="c">Graham</subfield><subfield code="d">Clifton.</subfield></datafield><datafield ind1="0" ind2="8" tag="776"><subfield code="i">Online version:</subfield><subfield code="t">Clifton clarion (Online)</subfield><subfield code="x">2375-0219</subfield><subfield code="w">(DLC)  2014218607</subfield><subfield code="w">(OCoLC)887949092</subfield></datafield><datafield ind1="1" ind2="0" tag="780"><subfield code="t">Graham County news</subfield><subfield code="w">(DLC)sn 95060909</subfield></datafield><datafield ind1="1" ind2="0" tag="780"><subfield code="t">Graham County times (Camp Thomas, Ariz.)</subfield></datafield><datafield ind1="0" ind2="0" tag="785"><subfield code="t">Valley bulletin (Solomonville, Ariz.)</subfield><subfield code="w">(DLC)sn 95060911</subfield></datafield><datafield ind1="4" ind2="1" tag="856"><subfield code="u">http://www.loc.gov/chroniclingamerica/lccn/sn94050557/issues</subfield></datafield></record>